@article{1,
  title={Children environmental exposure to particulate matter and polycyclic aromatic hydrocarbons and biomonitoring in school environments: A review on indoor and outdoor exposure levels, major sources and health impacts},
  author={Oliveira, Marta and Slezakova, Klara and Delerue-Matos, Cristina and Pereira, Maria Carmo and Morais, Simone},
  journal={Environment international},
  volume={124},
  pages={180--204},
  year={2019},
  publisher={Elsevier}
}

@article{2,
  title={Interpreting the global burden of disease},
  author={Powles, John and Day, Nick},
  journal={The Lancet},
  volume={360},
  number={9343},
  pages={1342--1343},
  year={2002},
  publisher={Elsevier}
}

@article{3,
  title={Evaluation of firefighter exposure to wood smoke during training exercises at burn houses},
  author={Fernando, Sujan and Shaw, Lorraine and Shaw, Don and Gallea, Michael and VandenEnden, Lori and House, Ron and Verma, Dave K and Britz-McKibbin, Philip and McCarry, Brian E},
  journal={Environmental science \& technology},
  volume={50},
  number={3},
  pages={1536--1543},
  year={2016},
  publisher={ACS Publications}
}

@article{4,
  title={Polycyclic aromatic hydrocarbons at fire stations: firefighters’ exposure monitoring and biomonitoring, and assessment of the contribution to total internal dose},
  author={Oliveira, Marta and Slezakova, Klara and Alves, Maria Jos{\'e} and Fernandes, Ad{\'\i}lia and Teixeira, Jo{\~a}o Paulo and Delerue-Matos, Cristina and do Carmo Pereira, Maria and Morais, Simone},
  journal={Journal of hazardous materials},
  volume={323},
  pages={184--194},
  year={2017},
  publisher={Elsevier}
}

@article{5,
  title={Levels of urinary biomarkers of exposure and potential genotoxic risks in firefighters},
  author={Oliveira, Marta and Delerue-Matos, Cristina and Morais, Simone and Slezakova, Klara and Pereira, Maria do Carmo and Fernandes, Ad{\'\i}lia and Costa, Solange and Teixeira, Jo{\~a}o Paulo},
  booktitle={Occupational Safety and Hygiene VI},
  pages={267--271},
  year={2018},
  publisher={CRC Press}
}

@article{6,
  title={Firefighters’ multiple exposure assessments in practice},
  author={Laitinen, Juha and M{\"a}kel{\"a}, Mauri and Mikkola, Jouni and Huttu, Ismo},
  journal={Toxicology letters},
  volume={213},
  number={1},
  pages={129--133},
  year={2012},
  publisher={Elsevier}
}

@article{7,
  title={Hydroxylated polycyclic aromatic hydrocarbons as biomarkers of exposure to wood smoke in wildland firefighters},
  author={Adetona, Olorunfemi and Simpson, Christopher D and Li, Zheng and Sjodin, Andreas and Calafat, Antonia M and Naeher, Luke P},
  journal={Journal of exposure science \& environmental epidemiology},
  volume={27},
  number={1},
  pages={78--83},
  year={2017},
  publisher={Nature Publishing Group}
}

@article{8,
  title={Evaluating causality for occupational cancers: the example of firefighters},
  author={Guidotti, Tee L},
  journal={Occupational medicine},
  volume={57},
  number={7},
  pages={466--471},
  year={2007},
  publisher={Oxford University Press}
}

@article{9,
  title={Adverse respiratory effects following overhaul in firefighters},
  author={Burgess, Jefferey L and Nanson, Christopher J and Bolstad-Johnson, Dawn M and Gerkin, Richard and Hysong, Tracy A and Lantz, R Clark and Sherrill, Duane L and Crutchfield, Clifton D and Quan, Stuart F and Bernard, Alfred M and others},
  journal={Journal of occupational and environmental medicine},
  volume={43},
  number={5},
  pages={467--473},
  year={2001},
  publisher={LWW}
}

@article{10,
  title={Fire fighting trainers’ exposure to carcinogenic agents in smoke diving simulators},
  author={Laitinen, Juha and M{\"a}kel{\"a}, Mauri and Mikkola, Jouni and Huttu, Ismo},
  journal={Toxicology letters},
  volume={192},
  number={1},
  pages={61--65},
  year={2010},
  publisher={Elsevier}
}

@article{11,
  title={Firefighters' and instructors’ absorption of PAHs and benzene during training exercises},
  author={Fent, Kenneth W and Toennis, Christine and Sammons, Deborah and Robertson, Shirley and Bertke, Stephen and Calafat, Antonia M and Pleil, Joachim D and Wallace, M Ariel Geer and Kerber, Steve and Smith, Denise L and others},
  journal={International journal of hygiene and environmental health},
  volume={222},
  number={7},
  pages={991--1000},
  year={2019},
  publisher={Elsevier}
}

@article{12,
  title={Impact of fire suit ensembles on firefighter PAH exposures as assessed by skin deposition and urinary biomarkers},
  author={Wingfors, H{\aa}kan and Nyholm, Jenny Rattfelt and Magnusson, Roger and Wijkmark, Cecilia Hammar},
  journal={Annals of work exposures and health},
  volume={62},
  number={2},
  pages={221--231},
  year={2018},
  publisher={Oxford University Press UK}
}

@article{13,
  title={Occupational exposure to polycyclic aromatic hydrocarbon of wildland firefighters at prescribed and wildland fires},
  author={Navarro, Kathleen M and Cisneros, Ricardo and Noth, Elizabeth M and Balmes, John R and Hammond, S Katharine},
  journal={Environmental science \& technology},
  volume={51},
  number={11},
  pages={6461--6469},
  year={2017},
  publisher={ACS Publications}
}

@article{14,
  title={Firefighters’ exposure biomonitoring: Impact of firefighting activities on levels of urinary monohydroxyl metabolites},
  author={Oliveira, Marta and Slezakova, Klara and Alves, Maria Jos{\'e} and Fernandes, Ad{\'\i}lia and Teixeira, Jo{\~a}o Paulo and Delerue-Matos, Cristina and do Carmo Pereira, Maria and Morais, Simone},
  journal={International journal of hygiene and environmental health},
  volume={219},
  number={8},
  pages={857--866},
  year={2016},
  publisher={Elsevier}
}

@article{15,
  title={Individual and cumulative impacts of fire emissions and tobacco consumption on wildland firefighters’ total exposure to polycyclic aromatic hydrocarbons},
  author={Oliveira, Marta and Slezakova, Klara and Magalh{\~a}es, Carlos Pires and Fernandes, Ad{\'\i}lia and Teixeira, Jo{\~a}o Paulo and Delerue-Matos, Cristina and do Carmo Pereira, Maria and Morais, Simone},
  journal={Journal of hazardous materials},
  volume={334},
  pages={10--20},
  year={2017},
  publisher={Elsevier}
}

@article{16,
  title={Urinary mutagenicity and other biomarkers of occupational smoke exposure of wildland firefighters and oxidative stress},
  author={Adetona, Anna M and Kyle Martin, William and Warren, Sarah H and Hanley, Nancy M and Adetona, Olorunfemi and Zhang, Junfeng and Simpson, Christopher and Paulsen, Mike and Rathbun, Stephen and Wang, Jia-Sheng and others},
  journal={Inhalation toxicology},
  volume={31},
  number={2},
  pages={73--87},
  year={2019},
  publisher={Taylor \& Francis}
}

@article{17,
  title={Systemic exposure to PAHs and benzene in firefighters suppressing controlled structure fires},
  author={Fent, Kenneth W and Eisenberg, Judith and Snawder, John and Sammons, Deborah and Pleil, Joachim D and Stiegel, Matthew A and Mueller, Charles and Horn, Gavin P and Dalton, James},
  journal={Annals of occupational hygiene},
  volume={58},
  number={7},
  pages={830--845},
  year={2014},
  publisher={Oxford University Press UK}
}

@article{18,
  title={Validity assessment of self-reported smoking status in firefighters using the urine cotinine test},
  author={Heo, Han Cheol and Byun, Young Seok and Sohn, Soo Ho and Jo, Seong Min and Park, Sung Kyu and Sakong, Joon},
  journal={Annals of Occupational and Environmental Medicine},
  volume={32},
  number={1},
  year={2020},
  publisher={Korean Society of Occupational \& Environmental Medicine}
}

@article{19,
  title={Biological monitoring of wood-smoke exposure},
  author={Simpson, Christopher D and Naeher, Luke P},
  journal={Inhalation toxicology},
  volume={22},
  number={2},
  pages={99--103},
  year={2010},
  publisher={Taylor \& Francis}
}

@article{20,
  title={Carboxyhemoglobin values in wildland firefighters},
  author={Gaskill, SE and FASCM, Palmer CG and Spear, A and Knutson, B and McNamara, M},
  journal={Headache},
  volume={10},
  pages={19},
  year={2010}
}

@article{21,
  title={Exposure of wildland firefighters to carbon monoxide, fine particles, and levoglucosan},
  author={Adetona, Olorunfemi and Simpson, Christopher D and Onstad, Gretchen and Naeher, Luke P},
  journal={Annals of occupational hygiene},
  volume={57},
  number={8},
  pages={979--991},
  year={2013},
  publisher={Oxford University Press UK}
}

@article{22,
  title={Noninvasive fireground assessment of carboxyhemoglobin levels in firefighters},
  author={Cone, David C and MacMillan, Donald S and Van Gelder, Carin and Brown, Dennis J and Weir, Scott D and Bogucki, Sandy},
  journal={Prehospital Emergency Care},
  volume={9},
  number={1},
  pages={8--13},
  year={2005},
  publisher={Taylor \& Francis}
}

@article{23,
  title={A wearable system for real-time continuous monitoring of physical activity},
  author={Taffoni, Fabrizio and Rivera, Diego and La Camera, Angelica and Nicol{\`o}, Andrea and Velasco, Juan Ram{\'o}n and Massaroni, Carlo},
  journal={Journal of healthcare engineering},
  volume={2018},
  number={1},
  pages={1878354},
  year={2018},
  publisher={Wiley Online Library}
}

@article{24,
  title={Formation mechanism of polycyclic aromatic hydrocarbons beyond the second aromatic ring},
  author={Kislov, VV and Sadovnikov, AI and Mebel, AM},
  journal={The Journal of Physical Chemistry A},
  volume={117},
  number={23},
  pages={4794--4816},
  year={2013},
  publisher={ACS Publications}
}

@article{25,
  title={The source of US EPA's sixteen PAH priority pollutants},
  author={Keith, Lawrence H},
  journal={Polycyclic Aromatic Compounds},
  volume={35},
  number={2-4},
  pages={147--160},
  year={2015},
  publisher={Taylor \& Francis}
}

@article{26,
  title={Human exposure to polycyclic aromatic hydrocarbons: Metabolomics perspective},
  author={Gao, Peng and da Silva, Evandro and Hou, Lei and Denslow, Nancy D and Xiang, Ping and Ma, Lena Q},
  journal={Environment international},
  volume={119},
  pages={466--477},
  year={2018},
  publisher={Elsevier}
}

@article{27,
  title={Excretion profiles and half-lives of ten urinary polycyclic aromatic hydrocarbon metabolites after dietary exposure},
  author={Li, Zheng and Romanoff, Lovisa and Bartell, Scott and Pittman, Erin N and Trinidad, Debra A and McClean, Michael and Webster, Thomas F and Sjodin, Andreas},
  journal={Chemical research in toxicology},
  volume={25},
  number={7},
  pages={1452--1461},
  year={2012},
  publisher={ACS Publications}
}

@book{28,
  title={Benzopyrenes},
  author={Osborne, Martin R and Crosby, Neil T},
  year={1987},
  publisher={CUP Archive}
}

@article{29,
  title={Elevated exposures to polycyclic aromatic hydrocarbons and other organic mutagens in Ottawa firefighters participating in emergency, on-shift fire suppression},
  author={Keir, Jennifer LA and Akhtar, Umme S and Matschke, David MJ and Kirkham, Tracy L and Chan, Hing Man and Ayotte, Pierre and White, Paul A and Blais, Jules M},
  journal={Environmental science \& technology},
  volume={51},
  number={21},
  pages={12745--12755},
  year={2017},
  publisher={ACS Publications}
}

@article{30,
  title={Urinary hydroxypyrene determination for biomonitoring of firefighters deployed at the Fort McMurray wildfire: an inter-laboratory method comparison},
  author={Gill, Biban and Mell, Alicia and Shanmuganathan, Meera and Jobst, Karl and Zhang, Xu and Kinniburgh, David and Cherry, Nicola and Britz-McKibbin, Philip},
  journal={Analytical and bioanalytical chemistry},
  volume={411},
  pages={1397--1407},
  year={2019},
  publisher={Springer}
}

@article{31,
  title={Is urinary 1-hydroxypyrene a valid biomarker for exposure to air pollution in outdoor workers? A meta-analysis},
  author={Ciarrocca, Manuela and Rosati, Maria Valeria and Tomei, Francesco and Capozzella, Assuntina and Andreozzi, Giorgia and Tomei, Gianfranco and Bacaloni, Alessandro and Casale, Teodorico and Andre, Jean Claude and Fioravanti, Mario and others},
  journal={Journal of exposure science \& environmental epidemiology},
  volume={24},
  number={1},
  pages={17--26},
  year={2014},
  publisher={Nature Publishing Group}
}

@article{32,
  title={Urinary 1-hydroxypyrene and skin contamination in firefighters deployed to the Fort McMurray fire},
  author={Cherry, Nicola and Aklilu, Yayne-abeba and Beach, Jeremy and Britz-McKibbin, Philip and Elbourne, Rebecca and Galarneau, Jean-Michel and Gill, Biban and Kinniburgh, David and Zhang, Xu},
  journal={Annals of work exposures and health},
  volume={63},
  number={4},
  pages={448--458},
  year={2019},
  publisher={Oxford University Press UK}
}

@article{33,
  title={A guidance value of 1-hydroxypyrene in urine in view of acceptable occupational exposure to polycyclic aromatic hydrocarbons},
  author={Jongeneelen, Frans J},
  journal={Toxicology letters},
  volume={231},
  number={2},
  pages={239--248},
  year={2014},
  publisher={Elsevier}
}

@misc{34,
  title={Nontarget screening with high resolution mass spectrometry in the environment: ready to go?},
  author={Hollender, Juliane and Schymanski, Emma L and Singer, Heinz P and Ferguson, P Lee},
  year={2017},
  publisher={ACS Publications}
}

@article{35,
  title={Analysis of conjugated steroid androgens: deconjugation, derivatisation and associated issues},
  author={Gomes, Rachel L and Meredith, Will and Snape, Colin E and Sephton, Mark A},
  journal={Journal of pharmaceutical and biomedical analysis},
  volume={49},
  number={5},
  pages={1133--1140},
  year={2009},
  publisher={Elsevier}
}

@article{36,
  title={Polycyclic aromatic hydrocarbon (PAH) exposure and DNA adduct semi-quantitation in archived human tissues},
  author={Pratt, M Margaret and John, Kaarthik and MacLean, Allan B and Afework, Senait and Phillips, David H and Poirier, Miriam C},
  journal={International journal of environmental research and public health},
  volume={8},
  number={7},
  pages={2675--2691},
  year={2011},
  publisher={Molecular Diversity Preservation International (MDPI)}
}

@article{37,
  title={Association between polycyclic aromatic hydrocarbon exposure and peripheral blood mononuclear cell DNA damage in human volunteers during fire extinction exercises},
  author={Andersen, Maria Helena Guerra and Saber, Anne Thoustrup and Clausen, Per Axel and Pedersen, Julie Elb{\ae}k and L{\o}hr, Mille and Kermanizadeh, Ali and Loft, Steffen and Ebbeh{\o}j, Niels and Hansen, {\AA}se Marie and Pedersen, Peter B{\o}gh and others},
  journal={Mutagenesis},
  volume={33},
  number={1},
  pages={105--115},
  year={2018},
  publisher={Oxford University Press UK}
}


@article{38,
	title = {Determination of 3-{Hydroxybenzo}[a]pyrene {Glucuronide}/{Sulfate} {Conjugates} in {Human} {Urine} and {Their} {Association} with 8-{Hydroxydeoxyguanosine}},
	volume = {32},
	copyright = {https://doi.org/10.15223/policy-029},
	issn = {0893-228X, 1520-5010},
	url = {https://pubs.acs.org/doi/10.1021/acs.chemrestox.9b00025},
	doi = {10.1021/acs.chemrestox.9b00025},
	language = {en},
	number = {7},
	urldate = {2024-12-22},
	journal = {Chemical Research in Toxicology},
	author = {Luo, Kai and Gao, Qun and Hu, Jianying},
	month = jul,
	year = {2019},
	pages = {1367--1373},
}

@article{39,
	title = {Urinary polycyclic aromatic hydrocarbon metabolites as biomarkers to woodsmoke exposure — results from a controlled exposure study},
	volume = {26},
	issn = {1559-0631, 1559-064X},
	url = {https://www.nature.com/articles/jes201494},
	doi = {10.1038/jes.2014.94},
	language = {en},
	number = {3},
	urldate = {2024-12-22},
	journal = {Journal of Exposure Science \& Environmental Epidemiology},
	author = {Li, Zheng and Trinidad, Debra and Pittman, Erin N and Riley, Erin A and Sjodin, Andreas and Dills, Russell L and Paulsen, Michael and Simpson, Christopher D},
	month = may,
	year = {2016},
	pages = {241--248},
}

@article{40,
	title = {Highly {Polar} {Organic} {Compounds} {Present} in {Wood} {Smoke} and in the {Ambient} {Atmosphere}},
	volume = {35},
	issn = {0013-936X, 1520-5851},
	url = {https://pubs.acs.org/doi/10.1021/es001420r},
	doi = {10.1021/es001420r},
	language = {en},
	number = {10},
	urldate = {2024-12-22},
	journal = {Environmental Science \& Technology},
	author = {Nolte, Christopher G. and Schauer, James J. and Cass, Glen R. and Simoneit, Bernd R. T.},
	month = may,
	year = {2001},
	pages = {1912--1919},
}

@article{41,
	title = {Highly {Polar} {Organic} {Compounds} {Present} in {Wood} {Smoke} and in the {Ambient} {Atmosphere}},
	volume = {35},
	issn = {0013-936X, 1520-5851},
	url = {https://pubs.acs.org/doi/10.1021/es001420r},
	doi = {10.1021/es001420r},
	language = {en},
	number = {10},
	urldate = {2024-12-22},
	journal = {Environmental Science \& Technology},
	author = {Nolte, Christopher G. and Schauer, James J. and Cass, Glen R. and Simoneit, Bernd R. T.},
	month = may,
	year = {2001},
	pages = {1912--1919},
}

@article{42,
	title = {Urinary levoglucosan as a biomarker of wood smoke: {Results} of human exposure studies},
	volume = {20},
	issn = {1559-0631, 1559-064X},
	shorttitle = {Urinary levoglucosan as a biomarker of wood smoke},
	url = {https://www.nature.com/articles/jes200946},
	doi = {10.1038/jes.2009.46},
	language = {en},
	number = {4},
	urldate = {2024-12-22},
	journal = {Journal of Exposure Science \& Environmental Epidemiology},
	author = {Bergauff, Megan A and Ward, Tony J and Noonan, Curtis W and Migliaccio, Christopher T and Simpson, Christopher D and Evanoski, Ashley R and Palmer, Christopher P},
	month = jun,
	year = {2010},
	pages = {385--392},
}

@article{43,
	title = {Arterial stiffness, oxidative stress, and smoke exposure in wildland firefighters},
	volume = {57},
	copyright = {http://onlinelibrary.wiley.com/termsAndConditions\#vor},
	issn = {0271-3586, 1097-0274},
	url = {https://onlinelibrary.wiley.com/doi/10.1002/ajim.22331},
	doi = {10.1002/ajim.22331},
	language = {en},
	number = {7},
	urldate = {2024-12-22},
	journal = {American Journal of Industrial Medicine},
	author = {Gaughan, Denise M. and Siegel, Paul D. and Hughes, Michael D. and Chang, Chiung‐Yu and Law, Brandon F. and Campbell, Corey R. and Richards, Jennifer C. and Kales, Stefanos F. and Chertok, Marcia and Kobzik, Lester and Nguyen, Phuong‐son and O'Donnell, Carl R. and Kiefer, Max and Wagner, Gregory R. and Christiani, David C.},
	month = jul,
	year = {2014},
	pages = {748--756},
}

@article{44,
	title = {Metabolic {Trajectories} {Following} {Contrasting} {Prudent} and {Western} {Diets} from {Food} {Provisions}: {Identifying} {Robust} {Biomarkers} of {Short}-{Term} {Changes} in {Habitual} {Diet}},
	volume = {11},
	copyright = {https://creativecommons.org/licenses/by/4.0/},
	issn = {2072-6643},
	url = {https://www.mdpi.com/2072-6643/11/10/2407},
	doi = {10.3390/nu11102407},
	language = {en},
	number = {10},
	urldate = {2024-12-22},
	journal = {Nutrients},
	author = {Wellington, Nadine and Shanmuganathan, Meera and De Souza, Russell J. and Zulyniak, Michael A. and Azab, Sandi and Bloomfield, Jonathon and Mell, Alicia and Ly, Ritchie and Desai, Dipika and Anand, Sonia S. and Britz-McKibbin, Philip},
	month = oct,
	year = {2019},
	pages = {2407},
}

@article{45,
	title = {Inhibition of {Human} {Cytochrome} {P450} {1A1}-, {1A2}-, and {1B1}-{Mediated} {Activation} of {Procarcinogens} to {Genotoxic} {Metabolites} by {Polycyclic} {Aromatic} {Hydrocarbons}},
	volume = {19},
	issn = {0893-228X, 1520-5010},
	url = {https://pubs.acs.org/doi/10.1021/tx050291v},
	doi = {10.1021/tx050291v},
	language = {en},
	number = {2},
	urldate = {2024-12-22},
	journal = {Chemical Research in Toxicology},
	author = {Shimada, Tsutomu and Guengerich, F. Peter},
	month = feb,
	year = {2006},
	pages = {288--294},
}

@article{46,
	title = {Biological monitoring of smoke exposure among wildland firefighters: {A} pilot study comparing urinary methoxyphenols with personal exposures to carbon monoxide, particular matter, and levoglucosan},
	volume = {19},
	issn = {1559-0631, 1559-064X},
	shorttitle = {Biological monitoring of smoke exposure among wildland firefighters},
	url = {https://www.nature.com/articles/jes200821},
	doi = {10.1038/jes.2008.21},
	language = {en},
	number = {4},
	urldate = {2024-12-22},
	journal = {Journal of Exposure Science \& Environmental Epidemiology},
	author = {Neitzel, R and Naeher, L P and Paulsen, M and Dunn, K and Stock, A and Simpson, C D},
	month = may,
	year = {2009},
	pages = {349--358},
}

@article{47,
	title = {Characterization of {Firefighter} {Smoke} {Exposure}},
	volume = {50},
	copyright = {http://www.springer.com/tdm},
	issn = {0015-2684, 1572-8099},
	url = {http://link.springer.com/10.1007/s10694-011-0212-2},
	doi = {10.1007/s10694-011-0212-2},
	language = {en},
	number = {4},
	urldate = {2024-12-22},
	journal = {Fire Technology},
	author = {Fabian, Thomas Z. and Borgerson, Jacob L. and Gandhi, Pravinray D. and Baxter, C. Stuart and Ross, Clara Sue and Lockey, James E. and Dalton, James M.},
	month = jul,
	year = {2014},
	pages = {993--1019},
}

@article{48,
	title = {Occupational {Exposure} to {Polycyclic} {Aromatic} {Hydrocarbons} and {Elevated} {Cancer} {Incidence} in {Firefighters}},
	volume = {8},
	issn = {2045-2322},
	url = {https://www.nature.com/articles/s41598-018-20616-6},
	doi = {10.1038/s41598-018-20616-6},
	language = {en},
	number = {1},
	urldate = {2024-12-22},
	journal = {Scientific Reports},
	author = {Stec, Anna A. and Dickens, Kathryn E. and Salden, Marielle and Hewitt, Fiona E. and Watts, Damian P. and Houldsworth, Philip E. and Martin, Francis L.},
	month = feb,
	year = {2018},
	pages = {2476},
}

@article{49,
	title = {The proteomic and metabolomic characterization of exercise-induced sweat for human performance monitoring: {A} pilot investigation},
	volume = {13},
	issn = {1932-6203},
	shorttitle = {The proteomic and metabolomic characterization of exercise-induced sweat for human performance monitoring},
	url = {https://dx.plos.org/10.1371/journal.pone.0203133},
	doi = {10.1371/journal.pone.0203133},
	language = {en},
	number = {11},
	urldate = {2024-12-22},
	journal = {PLOS ONE},
	author = {Harshman, Sean W. and Pitsch, Rhonda L. and Smith, Zachary K. and O’Connor, Maegan L. and Geier, Brian A. and Qualley, Anthony V. and Schaeublin, Nicole M. and Fischer, Molly V. and Eckerle, Jason J. and Strang, Adam J. and Martin, Jennifer A.},
	editor = {Koomen, John Matthew},
	month = nov,
	year = {2018},
	pages = {e0203133},
}

@article{50,
	title = {Plasticizer {Contamination} of {Firefighter} {Personal} {Protective} {Clothing} – {A} {Potential} {Factor} in {Increased} {Health} {Risks} in {Firefighters}},
	volume = {11},
	issn = {1545-9624, 1545-9632},
	url = {http://www.tandfonline.com/doi/abs/10.1080/15459624.2013.877142},
	doi = {10.1080/15459624.2013.877142},
	language = {en},
	number = {5},
	urldate = {2024-12-22},
	journal = {Journal of Occupational and Environmental Hygiene},
	author = {Alexander, Barbara M. and Baxter, C. Stuart},
	month = may,
	year = {2014},
	pages = {D43--D48},
}
